01REMESSA01COBRANCA       00000000000000000123SALGADO JUNIOR SOCIEDADE DE AD237BRADESCO       210324        MX0000138                                                                                                                                                                                                                                                                                     000001
100000000000000000000009000010201080100000000000000000000002520000000000000000000300000000002N           2  01          31102300000000100000000000001N040723000000000000000000000000000000000000000000000000000000000000000100009175409054LETICIA LETS                            -                                                   53441625                                                            000002
9                                                                                                                                                                                                                                                                                                                                                                                                         000003
