01REMESSA01COBRANCA       00000000000000000123SALGADO JUNIOR SOCIEDADE DE AD237BRADESCO       211123        MX0000128                                                                                                                                                                                                                                                                                     000001
100000000000000000000009000010201080100000000000000000000001780000000000000000000300000000002N           2  01          29072300000000050000000000001N230623000000000000000002907230000000000000000000000000000000000000000100063042748073YMANI SILVA                             -                                                   53441625                                                            000002
100000000000000000000009000010201080100000000000000000000001790000000000000000000300000000002N           2  01          29072300000000050000000000001N230623000000000000000002907230000000000000000000000000000000000000000100063042748073YMANI SILVA                             -                                                   53441625                                                            000003
100000000000000000000009000010201080100000000000000000000001810000000000000000000300000000002N           2  01          29072300000000001000000000001N040723000000000000000002907230000000000000000000000000000000000000000100072271622905JOAO ANTONIO DE JESUS                   RUA MIZAEL NOGUEIRA -                               53441625                                                            000004
100000000000000000000009000010201080100000000000000000000001820000000000000000000300000000002N           2  01          29082300000000001000000000001N040723000000000000000002908230000000000000000000000000000000000000000100072271622905JOAO ANTONIO DE JESUS                   RUA MIZAEL NOGUEIRA -                               53441625                                                            000005
100000000000000000000009000010201080100000000000000000000001830000000000000000000300000000002N           2  01          29092300000000001000000000001N040723000000000000000002909230000000000000000000000000000000000000000100072271622905JOAO ANTONIO DE JESUS                   RUA MIZAEL NOGUEIRA -                               53441625                                                            000006
100000000000000000000009000010201080100000000000000000000001840000000000000000000300000000002N           2  01          29102300000000001000000000001N040723000000000000000002910230000000000000000000000000000000000000000100072271622905JOAO ANTONIO DE JESUS                   RUA MIZAEL NOGUEIRA -                               53441625                                                            000007
100000000000000000000009000010201080100000000000000000000001850000000000000000000300000000002N           2  01          29112300000000001000000000001N040723000000000000000002911230000000000000000000000000000000000000000100072271622905JOAO ANTONIO DE JESUS                   RUA MIZAEL NOGUEIRA -                               53441625                                                            000008
100000000000000000000009000010201080100000000000000000000001860000000000000000000300000000002N           2  01          29122300000000001000000000001N040723000000000000000002912230000000000000000000000000000000000000000100072271622905JOAO ANTONIO DE JESUS                   RUA MIZAEL NOGUEIRA -                               53441625                                                            000009
9                                                                                                                                                                                                                                                                                                                                                                                                         000010
