01REMESSA01COBRANCA       00000000000000000123SALGADO JUNIOR SOCIEDADE DE AD237BRADESCO       280723        MX0000124                                                                                                                                                                                                                                                                                     000001
100000000000000000000009000010201080100000000000000000000001610000000000000000000300000000002N           2  01          21072300000000012350000000001N130623000000000000000002107230000000000000000000000000000000000000000100074895714322JAMES SILVA                             -                                                   53441625                                                            000002
100000000000000000000009000010201080100000000000000000000001620000000000000000000300000000002N           2  01          21082300000000012350000000001N130623000000000000000002108230000000000000000000000000000000000000000100074895714322JAMES SILVA                             -                                                   53441625                                                            000003
100000000000000000000009000010201080100000000000000000000001630000000000000000000300000000002N           2  01          21092300000000012350000000001N130623000000000000000002109230000000000000000000000000000000000000000100074895714322JAMES SILVA                             -                                                   53441625                                                            000004
100000000000000000000009000010201080100000000000000000000001640000000000000000000300000000002N           2  01          21102300000000012350000000001N130623000000000000000002110230000000000000000000000000000000000000000100074895714322JAMES SILVA                             -                                                   53441625                                                            000005
100000000000000000000009000010201080100000000000000000000001650000000000000000000300000000002N           2  01          21112300000000012350000000001N130623000000000000000002111230000000000000000000000000000000000000000100074895714322JAMES SILVA                             -                                                   53441625                                                            000006
100000000000000000000009000010201080100000000000000000000001660000000000000000000300000000002N           2  01          21122300000000012350000000001N130623000000000000000002112230000000000000000000000000000000000000000100074895714322JAMES SILVA                             -                                                   53441625                                                            000007
100000000000000000000009000010201080100000000000000000000001670000000000000000000300000000002N           2  01          21062300000000150000000000001N130623000000000000000002106230000000000000000000000000000000000000000100063042748073YMANI SILVA                             -                                                   53441625                                                            000008
100000000000000000000009000010201080100000000000000000000001680000000000000000000300000000002N           2  01          21072300000000150000000000001N130623000000000000000002107230000000000000000000000000000000000000000100063042748073YMANI SILVA                             -                                                   53441625                                                            000009
100000000000000000000009000010201080100000000000000000000001710000000000000000000300000000002N           2  01          30062300000005000000000000001N220623000000000000000003006230000000000000000000000000000000000000000100086583085453GILDO DA SILVA ALMEIDA                  -                                                   53441625                                                            000010
100000000000000000000009000010201080100000000000000000000001720000000000000000000300000000002N           2  01          30072300000005000000000000001N220623000000000000000003007230000000000000000000000000000000000000000100086583085453GILDO DA SILVA ALMEIDA                  -                                                   53441625                                                            000011
100000000000000000000009000010201080100000000000000000000001730000000000000000000300000000002N           2  01          31072300000001000000000000001N220623000000000000000003107230000000000000000000000000000000000000000100086583085453GILDO DA SILVA ALMEIDA                  -                                                   53441625                                                            000012
100000000000000000000009000010201080100000000000000000000001740000000000000000000300000000002N           2  01          31082300000001000000000000001N220623000000000000000003108230000000000000000000000000000000000000000100086583085453GILDO DA SILVA ALMEIDA                  -                                                   53441625                                                            000013
100000000000000000000009000010201080100000000000000000000001750000000000000000000300000000002N           2  01          01102300000001000000000000001N220623000000000000000000110230000000000000000000000000000000000000000100086583085453GILDO DA SILVA ALMEIDA                  -                                                   53441625                                                            000014
100000000000000000000009000010201080100000000000000000000001760000000000000000000300000000002N           2  01          01112300000001000000000000001N220623000000000000000000111230000000000000000000000000000000000000000100086583085453GILDO DA SILVA ALMEIDA                  -                                                   53441625                                                            000015
100000000000000000000009000010201080100000000000000000000001770000000000000000000300000000002N           2  01          01122300000001000000000000001N220623000000000000000000112230000000000000000000000000000000000000000100086583085453GILDO DA SILVA ALMEIDA                  -                                                   53441625                                                            000016
9                                                                                                                                                                                                                                                                                                                                                                                                         000017
