01REMESSA01COBRANCA       00000000000000000123SALGADO JUNIOR SOCIEDADE DE AD237BRADESCO       210324        MX0000136                                                                                                                                                                                                                                                                                     000001
100000000000000000000009000010201080100000000000000000000001890000000000000000000300000000002N           2  01          31032400000000500000000000001N040723000000000000000002103240000000000000000000000000000000000000000100072271622905JOAO ANTONIO DE JESUS                   RUA MIZAEL NOGUEIRA -                               53441625                                                            000002
100000000000000000000009000010201080100000000000000000000002200000000000000000000300000000002N           2  01          27052400000000001000000000001N040723000000000000000002103240000000000000000000000000000000000000000100072271622905JOAO ANTONIO DE JESUS                   RUA MIZAEL NOGUEIRA -                               53441625                                                            000003
9                                                                                                                                                                                                                                                                                                                                                                                                         000004
