01REMESSA01COBRANCA       00000000000000000123SALGADO JUNIOR SOCIEDADE DE AD237BRADESCO       150224        MX0000132                                                                                                                                                                                                                                                                                     000001
100000000000000000000109000010201080100000000000000000000007500000000000000000086800000000002N           2  01          29022400000010000000000000001N150224000000000000000002902240000000000000000000000000000000000000000100086583085453GILDO DA SILVA ALMEIDA                  -                                                   53441625                                                            000002
9                                                                                                                                                                                                                                                                                                                                                                                                         000003
